@Manual{R-bookdown,
  title = {bookdown: Authoring Books and Technical Documents with R Markdown},
  author = {Yihui Xie},
  year = {2022},
  note = {R package version 0.26},
  url = {https://CRAN.R-project.org/package=bookdown},
}

@Manual{R-broom,
  title = {broom: Convert Statistical Objects into Tidy Tibbles},
  author = {David Robinson and Alex Hayes and Simon Couch},
  year = {2022},
  note = {R package version 0.8.0},
  url = {https://CRAN.R-project.org/package=broom},
}

@Manual{R-corrr,
  title = {corrr: Correlations in R},
  author = {Max Kuhn and Simon Jackson and Jorge Cimentada},
  year = {2020},
  note = {R package version 0.4.3},
  url = {https://CRAN.R-project.org/package=corrr},
}

@Manual{R-cowplot,
  title = {cowplot: Streamlined Plot Theme and Plot Annotations for ggplot2},
  author = {Claus O. Wilke},
  year = {2020},
  note = {R package version 1.1.1},
  url = {https://wilkelab.org/cowplot/},
}

@Manual{R-doconv,
  title = {doconv: Document Conversion to PDF or PNG},
  author = {David Gohel},
  year = {2021},
  note = {R package version 0.1.3},
  url = {https://CRAN.R-project.org/package=doconv},
}

@Manual{R-dplyr,
  title = {dplyr: A Grammar of Data Manipulation},
  author = {Hadley Wickham and Romain François and Lionel Henry and Kirill Müller},
  year = {2022},
  note = {R package version 1.0.9},
  url = {https://CRAN.R-project.org/package=dplyr},
}

@Manual{R-fs,
  title = {fs: Cross-Platform File System Operations Based on libuv},
  author = {Jim Hester and Hadley Wickham and Gábor Csárdi},
  year = {2021},
  note = {R package version 1.5.2},
  url = {https://CRAN.R-project.org/package=fs},
}

@Manual{R-GGally,
  title = {GGally: Extension to ggplot2},
  author = {Barret Schloerke and Di Cook and Joseph Larmarange and Francois Briatte and Moritz Marbach and Edwin Thoen and Amos Elberg and Jason Crowley},
  year = {2021},
  note = {R package version 2.1.2},
  url = {https://CRAN.R-project.org/package=GGally},
}

@Manual{R-ggplot2,
  title = {ggplot2: Create Elegant Data Visualisations Using the Grammar of Graphics},
  author = {Hadley Wickham and Winston Chang and Lionel Henry and Thomas Lin Pedersen and Kohske Takahashi and Claus Wilke and Kara Woo and Hiroaki Yutani and Dewey Dunnington},
  year = {2022},
  note = {R package version 3.3.6},
  url = {https://CRAN.R-project.org/package=ggplot2},
}

@Manual{R-googledrive,
  title = {googledrive: An Interface to Google Drive},
  author = {Lucy {D'Agostino McGowan} and Jennifer Bryan},
  year = {2021},
  note = {R package version 2.0.0},
  url = {https://CRAN.R-project.org/package=googledrive},
}

@Manual{R-gridGraphics,
  title = {gridGraphics: Redraw Base Graphics Using grid Graphics},
  author = {Paul Murrell and Zhijian Wen},
  year = {2020},
  note = {R package version 0.5-1},
  url = {https://github.com/pmur002/gridgraphics},
}

@Manual{R-knitr,
  title = {knitr: A General-Purpose Package for Dynamic Report Generation in R},
  author = {Yihui Xie},
  year = {2022},
  note = {R package version 1.39},
  url = {https://yihui.org/knitr/},
}

@Manual{R-magrittr,
  title = {magrittr: A Forward-Pipe Operator for R},
  author = {Stefan Milton Bache and Hadley Wickham},
  year = {2022},
  note = {R package version 2.0.3},
  url = {https://CRAN.R-project.org/package=magrittr},
}

@Manual{R-MASS,
  title = {MASS: Support Functions and Datasets for Venables and Ripley's MASS},
  author = {Brian Ripley},
  year = {2022},
  note = {R package version 7.3-57},
  url = {http://www.stats.ox.ac.uk/pub/MASS4/},
}

@Manual{R-miniUI,
  title = {miniUI: Shiny UI Widgets for Small Screens},
  author = {Joe Cheng},
  year = {2018},
  note = {R package version 0.1.1.1},
  url = {https://CRAN.R-project.org/package=miniUI},
}

@Manual{R-purrr,
  title = {purrr: Functional Programming Tools},
  author = {Lionel Henry and Hadley Wickham},
  year = {2020},
  note = {R package version 0.3.4},
  url = {https://CRAN.R-project.org/package=purrr},
}

@Manual{R-RColorBrewer,
  title = {RColorBrewer: ColorBrewer Palettes},
  author = {Erich Neuwirth},
  year = {2022},
  note = {R package version 1.1-3},
  url = {https://CRAN.R-project.org/package=RColorBrewer},
}

@Manual{R-readxl,
  title = {readxl: Read Excel Files},
  author = {Hadley Wickham and Jennifer Bryan},
  year = {2022},
  note = {R package version 1.4.0},
  url = {https://CRAN.R-project.org/package=readxl},
}

@Manual{R-renv,
  title = {renv: Project Environments},
  author = {Kevin Ushey},
  year = {2022},
  note = {R package version 0.15.5},
  url = {https://rstudio.github.io/renv/},
}

@Manual{R-rmarkdown,
  title = {rmarkdown: Dynamic Documents for R},
  author = {JJ Allaire and Yihui Xie and Jonathan McPherson and Javier Luraschi and Kevin Ushey and Aron Atkins and Hadley Wickham and Joe Cheng and Winston Chang and Richard Iannone},
  year = {2022},
  note = {R package version 2.14},
  url = {https://CRAN.R-project.org/package=rmarkdown},
}

@Manual{R-sf,
  title = {sf: Simple Features for R},
  author = {Edzer Pebesma},
  year = {2022},
  note = {R package version 1.0-7},
  url = {https://CRAN.R-project.org/package=sf},
}

@Manual{R-spatialreg,
  title = {spatialreg: Spatial Regression Analysis},
  author = {Roger Bivand and Gianfranco Piras},
  year = {2022},
  note = {R package version 1.2-3},
  url = {https://CRAN.R-project.org/package=spatialreg},
}

@Manual{R-spdep,
  title = {spdep: Spatial Dependence: Weighting Schemes, Statistics},
  author = {Roger Bivand},
  year = {2022},
  note = {R package version 1.2-4},
  url = {https://CRAN.R-project.org/package=spdep},
}

@Manual{R-styler,
  title = {styler: Non-Invasive Pretty Printing of R Code},
  author = {Kirill Müller and Lorenz Walthert},
  year = {2022},
  note = {R package version 1.7.0},
  url = {https://CRAN.R-project.org/package=styler},
}

@Manual{R-tibble,
  title = {tibble: Simple Data Frames},
  author = {Kirill Müller and Hadley Wickham},
  year = {2022},
  note = {R package version 3.1.7},
  url = {https://CRAN.R-project.org/package=tibble},
}

@Manual{R-tidyverse,
  title = {tidyverse: Easily Install and Load the Tidyverse},
  author = {Hadley Wickham},
  year = {2021},
  note = {R package version 1.3.1},
  url = {https://CRAN.R-project.org/package=tidyverse},
}

@Manual{R-tmap,
  title = {tmap: Thematic Maps},
  author = {Martijn Tennekes},
  year = {2022},
  note = {R package version 3.3-3},
  url = {https://github.com/r-tmap/tmap},
}

@Book{bookdown2016,
  title = {bookdown: Authoring Books and Technical Documents with {R} Markdown},
  author = {Yihui Xie},
  publisher = {Chapman and Hall/CRC},
  address = {Boca Raton, Florida},
  year = {2016},
  note = {ISBN 978-1138700109},
  url = {https://bookdown.org/yihui/bookdown},
}

@Book{ggplot22016,
  author = {Hadley Wickham},
  title = {ggplot2: Elegant Graphics for Data Analysis},
  publisher = {Springer-Verlag New York},
  year = {2016},
  isbn = {978-3-319-24277-4},
  url = {https://ggplot2.tidyverse.org},
}

@Book{knitr2015,
  title = {Dynamic Documents with {R} and knitr},
  author = {Yihui Xie},
  publisher = {Chapman and Hall/CRC},
  address = {Boca Raton, Florida},
  year = {2015},
  edition = {2nd},
  note = {ISBN 978-1498716963},
  url = {https://yihui.org/knitr/},
}

@InCollection{knitr2014,
  booktitle = {Implementing Reproducible Computational Research},
  editor = {Victoria Stodden and Friedrich Leisch and Roger D. Peng},
  title = {knitr: A Comprehensive Tool for Reproducible Research in {R}},
  author = {Yihui Xie},
  publisher = {Chapman and Hall/CRC},
  year = {2014},
  note = {ISBN 978-1466561595},
  url = {http://www.crcpress.com/product/isbn/9781466561595},
}

@Book{MASS2002,
  title = {Modern Applied Statistics with S},
  author = {W. N. Venables and B. D. Ripley},
  publisher = {Springer},
  edition = {Fourth},
  address = {New York},
  year = {2002},
  note = {ISBN 0-387-95457-0},
  url = {https://www.stats.ox.ac.uk/pub/MASS4/},
}

@Book{rmarkdown2018,
  title = {R Markdown: The Definitive Guide},
  author = {Yihui Xie and J.J. Allaire and Garrett Grolemund},
  publisher = {Chapman and Hall/CRC},
  address = {Boca Raton, Florida},
  year = {2018},
  note = {ISBN 9781138359338},
  url = {https://bookdown.org/yihui/rmarkdown},
}

@Book{rmarkdown2020,
  title = {R Markdown Cookbook},
  author = {Yihui Xie and Christophe Dervieux and Emily Riederer},
  publisher = {Chapman and Hall/CRC},
  address = {Boca Raton, Florida},
  year = {2020},
  note = {ISBN 9780367563837},
  url = {https://bookdown.org/yihui/rmarkdown-cookbook},
}

@Article{sf2018,
  author = {Edzer Pebesma},
  title = {{Simple Features for R: Standardized Support for Spatial Vector Data}},
  year = {2018},
  journal = {{The R Journal}},
  doi = {10.32614/RJ-2018-009},
  url = {https://doi.org/10.32614/RJ-2018-009},
  pages = {439--446},
  volume = {10},
  number = {1},
}

@Article{spatialreg2021a,
  title = {A Review of Software for Spatial Econometrics in {R}},
  author = {Roger Bivand and Giovanni Millo and Gianfranco Piras},
  journal = {Mathematics},
  year = {2021},
  volume = {9},
  number = {11},
  url = {https://www.mdpi.com/2227-7390/9/11/1276},
  doi = {10.3390/math9111276},
}

@Article{spatialreg2015a,
  title = {Comparing Implementations of Estimation Methods for Spatial Econometrics},
  author = {Roger Bivand and Gianfranco Piras},
  journal = {Journal of Statistical Software},
  year = {2015},
  volume = {63},
  number = {18},
  pages = {1--36},
  doi = {10.18637/jss.v063.i18},
}

@Article{spatialreg2013a,
  title = {Computing the Jacobian in Gaussian spatial autoregressive models: An illustrated comparison of available methods},
  author = {Roger Bivand and Jan Hauke and Tomasz Kossowski},
  journal = {Geographical Analysis},
  year = {2013},
  volume = {45},
  number = {2},
  pages = {150--179},
  url = {https://doi.org/10.1111/gean.12008},
}

@Book{spatialreg2013b,
  author = {Roger S. Bivand and Edzer Pebesma and Virgilio Gomez-Rubio},
  title = {Applied spatial data analysis with {R}, Second edition},
  year = {2013},
  publisher = {Springer, NY},
  url = {https://asdar-book.org/},
}

@Article{spdep2018,
  author = {Roger Bivand and David W. S. Wong},
  title = {Comparing implementations of global and local indicators of spatial association},
  journal = {TEST},
  year = {2018},
  volume = {27},
  number = {3},
  pages = {716--748},
  url = {https://doi.org/10.1007/s11749-018-0599-x},
}

@Article{spdep2022,
  author = {Roger Bivand},
  title = {R Packages for Analyzing Spatial Data: A Comparative Case Study with Areal Data},
  journal = {Geographical Analysis},
  year = {2022},
  url = {https://doi.org/10.1111/gean.12319},
}

@Book{spdep2013,
  author = {Roger S. Bivand and Edzer Pebesma and Virgilio Gomez-Rubio},
  title = {Applied spatial data analysis with {R}, Second edition},
  year = {2013},
  publisher = {Springer, NY},
  url = {https://asdar-book.org/},
}

@Article{tidyverse2019,
  title = {Welcome to the {tidyverse}},
  author = {Hadley Wickham and Mara Averick and Jennifer Bryan and Winston Chang and Lucy D'Agostino McGowan and Romain François and Garrett Grolemund and Alex Hayes and Lionel Henry and Jim Hester and Max Kuhn and Thomas Lin Pedersen and Evan Miller and Stephan Milton Bache and Kirill Müller and Jeroen Ooms and David Robinson and Dana Paige Seidel and Vitalie Spinu and Kohske Takahashi and Davis Vaughan and Claus Wilke and Kara Woo and Hiroaki Yutani},
  year = {2019},
  journal = {Journal of Open Source Software},
  volume = {4},
  number = {43},
  pages = {1686},
  doi = {10.21105/joss.01686},
}

@Article{tmap2018,
  title = {{tmap}: Thematic Maps in {R}},
  author = {Martijn Tennekes},
  journal = {Journal of Statistical Software},
  year = {2018},
  volume = {84},
  number = {6},
  pages = {1--39},
  doi = {10.18637/jss.v084.i06},
}

